@book{stroudengmath,
  title={Engineering Mathematics},
  author={Stroud, K.A.},
  isbn={0-333-44887-1},
  url={},
  edition={3rd},
  year={1987},
  publisher={Macmillian}
}

@book{hollandmadden,
  title={Mathematics 4-7},
  author={Holland, F.J. and Madden, A.D.},
  isbn={0-333-44887-1},
  url={},
  edition={ },
  year={1977},
  publisher={The Educational Company of Ireland},
  address={Dublin}
}

@book{rednotes,
  title={Mathematics Red Notes},
  author={Maynooth Maths Dept.},
  isbn={},
  url={},
  edition={ },
  year={1990},
  publisher={MUP},
  address={Maynooth}
}

@online{mathsisfun,
  author = {Pierce, Rod},
  title = {Maths is Fun - Math Resources},
  url = "http://www.mathsisfun.com"
}

@book{mmp,
  title={Mathematics Mechanics and Probability},
  author={Bostock, L and Chandler, S},
  isbn={0-85950-141-8},
  url={},
  edition={ },
  year={1990},
  publisher={Stanley Thornes Ltd.},
  address={}
}

@book{calculus,
  title={Teach Yourself Calculus},
  author={Abbott, P..},
  isbn={0-340-26686-4},
  url={},
  edition={3rd},
  year={1970},
  publisher={Hodder and Stroughton}
}

@book{bizmaths,
  title={Using Business Maths},
  author={Jordan, Robert},
  isbn={978-0-7171-5715-0},
  url={},
  edition={},
  year={2013},
  publisher={Gill & Macmillian}
}

