@book{stroudengmath,
  title={Engineering Mathematics},
  author={Stroud, K.A.},
  isbn={0-333-44887-1},
  url={},
  edition={3rd},
  year={1987},
  publisher={Macmillian}
}

@book{hollandmadden,
  title={Mathematics 4-7},
  author={Holland, F.J. and Madden, A.D.,},
  isbn={0-333-44887-1},
  url={},
  edition={ },
  year={1977},
  publisher={The Educational Company of Ireland},
  address={Dublin}
}

@book{rednotes,
  title={Mathematics Red Notes},
  author={Maynooth Maths Dept.},
  isbn={},
  url={},
  edition={ },
  year={1990},
  publisher={MUP},
  address={Maynooth}
}

